@book{jolliffe2002principal,
  title={Principal component analysis},
  author={Jolliffe, Ian},
  year={2002},
  publisher={Wiley Online Library}
}

@article{ringner2008principal,
  title={What is principal component analysis?},
  author={Ringn{\'e}r, Markus},
  journal={Nature biotechnology},
  volume={26},
  number={3},
  pages={303},
  year={2008},
  publisher={Nature Publishing Group}
}

@article{mcvean2009genealogical,
  title={A genealogical interpretation of principal components analysis},
  author={McVean, Gil},
  journal={PLoS Genet},
  volume={5},
  number={10},
  pages={e1000686},
  year={2009},
  publisher={Public Library of Science}
}

@article{yeung2001principal,
  title={Principal component analysis for clustering gene expression data},
  author={Yeung, Ka Yee and Ruzzo, Walter L.},
  journal={Bioinformatics},
  volume={17},
  number={9},
  pages={763--774},
  year={2001},
  publisher={Oxford Univ Press}
}

@article{treutlein2014reconstructing,
  title={Reconstructing lineage hierarchies of the distal lung epithelium using single-cell RNA-seq},
  author={Treutlein, Barbara and Brownfield, Doug G and Wu, Angela R and Neff, Norma F and Mantalas, Gary L and Espinoza, F Hernan and Desai, Tushar J and Krasnow, Mark A and Quake, Stephen R},
  journal={Nature},
  volume={509},
  number={7500},
  pages={371--375},
  year={2014},
  publisher={Nature Research}
}

@article{kolodziejczyk2015single,
  title={Single cell RNA-sequencing of pluripotent states unlocks modular transcriptional variation},
  author={Kolodziejczyk, Aleksandra A and Kim, Jong Kyoung and Tsang, Jason CH and Ilicic, Tomislav and Henriksson, Johan and Natarajan, Kedar N and Tuck, Alex C and Gao, Xuefei and B{\"u}hler, Marc and Liu, Pentao and others},
  journal={Cell Stem Cell},
  volume={17},
  number={4},
  pages={471--485},
  year={2015},
  publisher={Elsevier}
}

@article{yau2016pcareduce,
  title={pcaReduce: hierarchical clustering of single cell transcriptional profiles},
  author={Yau, Christopher and others},
  journal={BMC bioinformatics},
  volume={17},
  number={1},
  pages={140},
  year={2016},
  publisher={BioMed Central}
}

@article{tipping1999probabilistic,
  title={Probabilistic principal component analysis},
  author={Tipping, Michael E and Bishop, Christopher M},
  journal={Journal of the Royal Statistical Society: Series B (Statistical Methodology)},
  volume={61},
  number={3},
  pages={611--622},
  year={1999},
  publisher={Wiley Online Library}
}

@article{spearman1904general,
  title={" General Intelligence," Objectively Determined and Measured},
  author={Spearman, Charles},
  journal={The American Journal of Psychology},
  volume={15},
  number={2},
  pages={201--292},
  year={1904},
  publisher={JSTOR}
}

@inproceedings{lawrence2004gaussian,
  title={Gaussian process latent variable models for visualisation of high dimensional data},
  author={Lawrence, Neil D},
  booktitle={Advances in neural information processing systems},
  pages={329--336},
  year={2004}
}

@article{tzeng2008multidimensional,
  title={Multidimensional scaling for large genomic data sets},
  author={Tzeng, Jengnan and Lu, Henry Horng-Shing and Li, Wen-Hsiung},
  journal={BMC bioinformatics},
  volume={9},
  number={1},
  pages={179},
  year={2008},
  publisher={BioMed Central}
}

@article{cannoodt2016scorpius,
  title={SCORPIUS improves trajectory inference and identifies novel modules in dendritic cell development},
  author={Cannoodt, Robrecht and Saelens, Wouter and Sichien, Dorine and Tavernier, Simon and Janssens, Sophie and Guilliams, Martin and Lambrecht, Bart N and De Preter, Katleen and Saeys, Yvan},
  journal={bioRxiv},
  pages={079509},
  year={2016},
  publisher={Cold Spring Harbor Labs Journals}
}

@article{street2017slingshot,
  title={Slingshot: Cell lineage and pseudotime inference for single-cell transcriptomics},
  author={Street, Kelly and Risso, Davide and Fletcher, Russell B and Das, Diya and Ngai, John and Yosef, Nir and Purdom, Elizabeth and Dudoit, Sandrine},
  journal={bioRxiv},
  pages={128843},
  year={2017},
  publisher={Cold Spring Harbor Labs Journals}
}

@article{welch2016slicer,
  title={SLICER: inferring branched, nonlinear cellular trajectories from single cell RNA-seq data},
  author={Welch, Joshua D and Hartemink, Alexander J and Prins, Jan F},
  journal={Genome biology},
  volume={17},
  number={1},
  pages={106},
  year={2016},
  publisher={BioMed Central}
}

@article{maaten2008visualizing,
  title={Visualizing data using t-SNE},
  author={Maaten, Laurens van der and Hinton, Geoffrey},
  journal={Journal of Machine Learning Research},
  volume={9},
  number={Nov},
  pages={2579--2605},
  year={2008}
}

@article{marco2014bifurcation,
  title={Bifurcation analysis of single-cell gene expression data reveals epigenetic landscape},
  author={Marco, Eugenio and Karp, Robert L and Guo, Guoji and Robson, Paul and Hart, Adam H and Trippa, Lorenzo and Yuan, Guo-Cheng},
  journal={Proceedings of the National Academy of Sciences},
  volume={111},
  number={52},
  pages={E5643--E5650},
  year={2014},
  publisher={National Acad Sciences}
}

@article{macaulay2016single,
  title={Single-cell RNA-sequencing reveals a continuous spectrum of differentiation in hematopoietic cells},
  author={Macaulay, Iain C and Svensson, Valentine and Labalette, Charlotte and Ferreira, Lauren and Hamey, Fiona and Voet, Thierry and Teichmann, Sarah A and Cvejic, Ana},
  journal={Cell reports},
  volume={14},
  number={4},
  pages={966--977},
  year={2016},
  publisher={Elsevier}
}

@inproceedings{van2009preserving,
  title={Preserving local structure in Gaussian process latent variable models},
  author={van der Maaten, Laurens},
  booktitle={Proceedings of the 18th Annual Belgian-Dutch Conference on Machine Learning},
  pages={81--88},
  year={2009}
}
