%% This BibTeX bibliography file was created using BibDesk.
%% http://bibdesk.sourceforge.net/


%% Created for Christopher Yau at 2016-07-22 19:00:06 +0100 


%% Saved with string encoding Unicode (UTF-8) 



@article{trapnell2015defining,
	Author = {Trapnell, Cole},
	Date-Added = {2016-07-22 18:00:01 +0000},
	Date-Modified = {2016-07-22 18:00:01 +0000},
	Journal = {Genome research},
	Number = {10},
	Pages = {1491--1498},
	Publisher = {Cold Spring Harbor Lab},
	Title = {Defining cell types and states with single-cell genomics},
	Volume = {25},
	Year = {2015}}

@article{bendall2014single,
	Author = {Bendall, Sean C and Davis, Kara L and Amir, El-ad David and Tadmor, Michelle D and Simonds, Erin F and Chen, Tiffany J and Shenfeld, Daniel K and Nolan, Garry P and Pe'er, Dana},
	Journal = {{C}ell},
	Number = {3},
	Pages = {714--725},
	Publisher = {Elsevier},
	Title = {{S}ingle-cell trajectory detection uncovers progression and regulatory coordination in human {B} cell development},
	Volume = {157},
	Year = {2014}}

@article{buettner2015computational,
	Author = {Buettner, Florian and Natarajan, Kedar N and Casale, F Paolo and Proserpio, Valentina and Scialdone, Antonio and Theis, Fabian J and Teichmann, Sarah A and Marioni, John C and Stegle, Oliver},
	Journal = {{N}ature {B}iotechnology},
	Number = {2},
	Pages = {155--160},
	Publisher = {Nature Publishing Group},
	Title = {{C}omputational analysis of cell-to-cell heterogeneity in single-cell {RNA}-sequencing data reveals hidden subpopulations of cells},
	Volume = {33},
	Year = {2015}}

@article{byrd1995limited,
	Author = {Byrd, Richard H and Lu, Peihuang and Nocedal, Jorge and Zhu, Ciyou},
	Journal = {{SIAM} {J}ournal on {S}cientific {C}omputing},
	Number = {5},
	Pages = {1190--1208},
	Publisher = {SIAM},
	Title = {{A} limited memory algorithm for bound constrained optimization},
	Volume = {16},
	Year = {1995}}

@article{campbell2016order,
	Author = {Campbell, Kieran and Yau, Christopher},
	Journal = {bio{R}xiv},
	Pages = {047365},
	Publisher = {Cold Spring Harbor Labs Journals},
	Title = {{O}rder under uncertainty: robust differential expression analysis using probabilistic models for pseudotime inference},
	Volume = {1},
	Year = {2016}}

@article{crow2016exploiting,
	Author = {Crow, Megan and Paul, Anirban and Ballouz, Sara and Huang, Z Josh and Gillis, Jesse},
	Journal = {{G}enome {B}iology},
	Number = {1},
	Pages = {1},
	Publisher = {BioMed Central},
	Title = {{E}xploiting single-cell expression to characterize co-expression replicability},
	Volume = {17},
	Year = {2016}}



@article{liu2016single,
	Author = {Liu, Serena and Trapnell, Cole},
	Journal = {{F}1000{R}esearch},
	Publisher = {Faculty of 1000 Ltd},
	Title = {{S}ingle-cell transcriptome sequencing: recent advances and remaining challenges},
	Volume = {5},
	Year = {2016}}

@article{macaulay2014single,
	Author = {Macaulay, Iain C and Voet, Thierry},
	Journal = {{PL}o{S} {G}enet},
	Number = {1},
	Pages = {e1004126},
	Publisher = {Public Library of Science},
	Title = {{S}ingle cell genomics: advances and future perspectives},
	Volume = {10},
	Year = {2014}}

@article{moignard2015decoding,
	Author = {Moignard, Victoria and Woodhouse, Steven and Haghverdi, Laleh and Lilly, Andrew J and Tanaka, Yosuke and Wilkinson, Adam C and Buettner, Florian and Macaulay, Iain C and Jawaid, Wajid and Diamanti, Evangelia and others},
	Journal = {{N}ature {B}iotechnology},
	Number = {3},
	Pages = {269--276},
	Publisher = {Nature Publishing Group},
	Title = {{D}ecoding the regulatory network of early blood development from single-cell gene expression measurements},
	Volume = {33},
	Year = {2015}}

@article{pierson2015zifa,
	Author = {Pierson, Emma and Yau, Christopher},
	Journal = {{G}enome {B}iology},
	Number = {1},
	Pages = {1},
	Publisher = {BioMed Central},
	Title = {{ZIFA}: {D}imensionality reduction for zero-inflated single-cell gene expression analysis},
	Volume = {16},
	Year = {2015}}


@article{shapiro2013single,
	Author = {Shapiro, Ehud and Biezuner, Tamir and Linnarsson, Sten},
	Journal = {{N}ature {R}eviews {G}enetics},
	Number = {9},
	Pages = {618--630},
	Publisher = {Nature Publishing Group},
	Title = {{S}ingle-cell sequencing-based technologies will revolutionize whole-organism science},
	Volume = {14},
	Year = {2013}}



@article{treutlein2014reconstructing,
	Author = {Treutlein, Barbara and Brownfield, Doug G and Wu, Angela R and Neff, Norma F and Mantalas, Gary L and Espinoza, F Hernan and Desai, Tushar J and Krasnow, Mark A and Quake, Stephen R},
	Journal = {{N}ature},
	Number = {7500},
	Pages = {371--375},
	Publisher = {Nature Publishing Group},
	Title = {{R}econstructing lineage hierarchies of the distal lung epithelium using single-cell {RNA}-seq},
	Volume = {509},
	Year = {2014}}

@article{zeisel2015cell,
	Author = {Zeisel, Amit and Mu{\~n}oz-Manchado, Ana B and Codeluppi, Simone and L{\"o}nnerberg, Peter and La Manno, Gioele and Jur{\'e}us, Anna and Marques, Sueli and Munguba, Hermany and He, Liqun and Betsholtz, Christer and others},
	Journal = {{S}cience},
	Number = {6226},
	Pages = {1138--1142},
	Publisher = {American Association for the Advancement of Science},
	Title = {{C}ell types in the mouse cortex and hippocampus revealed by single-cell {RNA}-seq},
	Volume = {347},
	Year = {2015}}
